@book{stephenson2014snow,
  title={Snow crash},
  author={Stephenson, Neal},
  year={2014},
  publisher={Bragelonne}
}

@book{friedman1991island,
  title={The island of stone money},
  author={Friedman, Milton},
  year={1991},
  publisher={Hoover Institution, Stanford University}
}

@book{campbell2011introduction,
  title={Introduction to remote sensing},
  author={Campbell, James B and Wynne, Randolph H},
  year={2011},
  publisher={Guilford Press}
}

@article{benet2014ipfs,
  title={Ipfs-content addressed, versioned, p2p file system},
  author={Benet, Juan},
  journal={arXiv preprint arXiv:1407.3561},
  year={2014}
}

@article{livingston2015commercial,
  title={Commercial Remote Sensing Satellites and the Regulation of Violence in Areas of Limited Statehood},
  author={Livingston, Steven},
  year={2015}
}